@misc{Baumer2023Big,
  doi = {10.48550/arXiv.2301.04001},
  url = {https://arxiv.org/abs/2301.04001},
  author = {Baumer,  Benjamin S. and Matthews,  Gregory J. and Nguyen,  Quang},
  title = {{Big Ideas in Sports Analytics and Statistical Tools for their Investigation}},
  publisher = {arXiv},
  year = {2023},
}

@article{Macdonald2020Recreating,
	author = {Macdonald, Brian},
	journal = {Harvard Data Science Review},
	number = {4},
	year = {2020},
	month = {dec 10},
	url = {https://hdsr.mitpress.mit.edu/pub/kxks56er},
	publisher = {},
	title = {Recreating the {Game}: Using {Player} {Tracking} {Data} to {Analyze} {Dynamics} in {Basketball} and {Football}},
	volume = {2},
}

@article{Kovalchik2023Player,
  author = {Kovalchik, Stephanie A.},
  title = {{Player Tracking Data in Sports}},
  journal = {Annual Review of Statistics and Its Application},
  volume = {10},
  number = {1},
  pages = {null},
  year = {2023},
  doi = {10.1146/annurev-statistics-033021-110117},
  URL = {https://doi.org/10.1146/annurev-statistics-033021-110117},
  eprint = {https://doi.org/10.1146/annurev-statistics-033021-110117}
}


@article{Franks2016Meta,
  doi = {10.1515/jqas-2016-0098},
  url = {https://doi.org/10.1515/jqas-2016-0098},
  year = {2016},
  month = jan,
  publisher = {Walter de Gruyter {GmbH}},
  volume = {12},
  number = {4},
  author = {Alexander M. Franks and Alexander D'Amour and Daniel Cervone and Luke Bornn},
  title = {Meta-analytics: tools for understanding the statistical properties of sports metrics},
  journal = {Journal of Quantitative Analysis in Sports}
}